<?xml version="1.0" encoding="UTF-8"?><record xmlns="http://www.loc.gov/MARC21/slim" xmlns:cinclude="http://apache.org/cocoon/include/1.0" xmlns:zs="http://www.loc.gov/zing/srw/">
  <leader>00358nz  a2200121n  4500</leader>
  <controlfield tag="001">n  91025298 </controlfield>
  <controlfield tag="003">DLC</controlfield>
  <controlfield tag="005">19910314094023.4</controlfield>
  <controlfield tag="008">910313n| acannaab|          |n ana ||| a</controlfield>
  <datafield tag="010" ind1=" " ind2=" ">
    <subfield code="a">n  91025298 </subfield>
  </datafield>
  <datafield tag="040" ind1=" " ind2=" ">
    <subfield code="a">DNAL</subfield>
    <subfield code="c">DNAL</subfield>
  </datafield>
  <datafield tag="110" ind1="2" ind2="0">
    <subfield code="a">Deutsche Imkerverlagsgesellschaft</subfield>
  </datafield>
  <datafield tag="670" ind1=" " ind2=" ">
    <subfield code="a">Allgemeine deutsche Imkerzeitung, Jan. 1967:</subfield>
    <subfield code="b">t.p. (Deutsche Imkerverlagsgesellschaft)</subfield>
  </datafield>
</record>